<record><leader>00000cas a22000007a 4500</leader><controlfield tag="001">12845249</controlfield><controlfield tag="008">851125d186u1869pauwr ne      0    0eng d</controlfield><datafield ind1=" " ind2=" " tag="010"><subfield code="a">sn 85055136 </subfield></datafield><datafield ind1=" " ind2=" " tag="040"><subfield code="a">NPH</subfield><subfield code="b">eng</subfield><subfield code="c">NPH</subfield><subfield code="d">NPX</subfield><subfield code="d">NPH</subfield><subfield code="d">OCLCQ</subfield></datafield><datafield ind1=" " ind2=" " tag="042"><subfield code="a">msc</subfield></datafield><datafield ind1="0" ind2=" " tag="130"><subfield code="a">Clarion independent banner (Clarion, Pa. : 1861)</subfield></datafield><datafield ind1="1" ind2="0" tag="245"><subfield code="a">Clarion independent banner.</subfield></datafield><datafield ind1="1" ind2="3" tag="246"><subfield code="a">Independent banner</subfield></datafield><datafield ind1=" " ind2=" " tag="260"><subfield code="a">Clarion, Pa. :</subfield><subfield code="b">Samuel Young</subfield></datafield><datafield ind1=" " ind2=" " tag="300"><subfield code="a">v. ;</subfield><subfield code="c">63 cm.</subfield></datafield><datafield ind1=" " ind2=" " tag="310"><subfield code="a">Weekly</subfield></datafield><datafield ind1="1" ind2=" " tag="362"><subfield code="a">Ceased in 1869?</subfield><subfield code="z">Cf. Hist. of Clarion Co., Pa., 1887.</subfield></datafield><datafield ind1=" " ind2=" " tag="500"><subfield code="a">"American-Republican," &lt;1861&gt;.</subfield></datafield><datafield ind1=" " ind2=" " tag="500"><subfield code="a">Editor: Samuel Young, &lt;1861&gt;.</subfield></datafield><datafield ind1=" " ind2=" " tag="580"><subfield code="a">Continued by: Clarion Republican (Clarion, Pa. : 1869). Cf. Hist. of Clarion Co., Pa., 1887.</subfield></datafield><datafield ind1=" " ind2=" " tag="588"><subfield code="a">Description based on: Vol. 16, no. 48 (Apr. 5, 1861).</subfield></datafield><datafield ind1=" " ind2=" " tag="752"><subfield code="a">United States</subfield><subfield code="b">Pennsylvania</subfield><subfield code="c">Clarion</subfield><subfield code="d">Clarion.</subfield></datafield><datafield ind1="0" ind2="0" tag="780"><subfield code="t">Clarion banner</subfield><subfield code="w">(DLC)sn 88081066</subfield></datafield><datafield ind1="1" ind2="0" tag="785"><subfield code="t">Clarion Republican (Clarion, Pa. : 1869)</subfield><subfield code="w">(DLC)sn 83032187</subfield></datafield><datafield ind1="1" ind2=" " tag="029"><subfield code="a">AU@</subfield><subfield code="b">000025804059</subfield></datafield></record>